<?xml version="1.0" encoding="UTF-8"?><collection xmlns="http://www.loc.gov/MARC21/slim"><record><leader>00454nam--2200169-i-4500</leader><controlfield tag="001">000013051</controlfield><controlfield tag="002">20161230</controlfield><controlfield tag="005">20170116005729</controlfield><controlfield tag="008">060222s1000------------r-----000-0-eng-d</controlfield><datafield ind1=" " ind2=" " tag="080"><subfield code="a">06.05.3</subfield></datafield><datafield ind1=" " ind2=" " tag="100"><subfield code="a">Coras, Mircea</subfield></datafield><datafield ind1=" " ind2=" " tag="245"><subfield code="a">Organizarea manifestarilor tehnico-sttintifice si economice, tehnici de organizare</subfield></datafield><datafield ind1=" " ind2=" " tag="260"><subfield code="a">Bucuresti</subfield><subfield code="b">Inid</subfield><subfield code="c">1979</subfield></datafield><datafield ind1=" " ind2=" " tag="300"><subfield code="a">100 p</subfield></datafield><datafield ind1=" " ind2=" " tag="700"><subfield code="a">Muresan, Liviu</subfield></datafield><datafield ind1=" " ind2=" " tag="852"><subfield code="a">47.LOO</subfield></datafield><datafield ind1=" " ind2=" " tag="CAT"><subfield code="a">SYS</subfield><subfield code="c">20170116</subfield><subfield code="h">005729</subfield></datafield></record></collection>